<?xml version="1.0" encoding="UTF-8"?><collection xmlns="http://www.loc.gov/MARC21/slim"><record><leader>00301nam--2200121-i-4500</leader><controlfield tag="001">000019321</controlfield><controlfield tag="002">20161230</controlfield><controlfield tag="005">20161230201033</controlfield><controlfield tag="008">060222s1000------------r-----000-0-eng-d</controlfield><datafield ind1=" " ind2=" " tag="080"><subfield code="a">002.001.8</subfield></datafield><datafield ind1=" " ind2=" " tag="245"><subfield code="a">Forme de comunicare in stiinta si tehnica</subfield></datafield><datafield ind1=" " ind2=" " tag="260"><subfield code="a">Bucuresti, I.D.T., 1972. 54 P</subfield></datafield><datafield ind1=" " ind2=" " tag="852"><subfield code="a">36386</subfield></datafield></record></collection>